<?xml version = "1.0" encoding = "UTF-8"?><record>
  <leader>03424njm#a2200661#c#4500</leader>
  <controlfield tag="005">20210409120522.0</controlfield>
  <controlfield tag="007">co#|||||||||||</controlfield>
  <controlfield tag="007">vd#||||||</controlfield>
  <controlfield tag="008">160114|2010####gw#|||##q###########ger#c</controlfield>
  <controlfield tag="003">DE-605</controlfield>
  <controlfield tag="001">990210285400206441</controlfield>
  <datafield tag="024" ind1="3" ind2=" ">
    <subfield code="a">8 07280 71579 8</subfield>
  </datafield>
  <datafield tag="028" ind1="5" ind2="2">
    <subfield code="a">107 157</subfield>
  </datafield>
  <datafield tag="035" ind1=" " ind2=" ">
    <subfield code="a">(DE-605)HT018857620</subfield>
  </datafield>
  <datafield tag="040" ind1=" " ind2=" ">
    <subfield code="a">Kn 38</subfield>
    <subfield code="b">ger</subfield>
    <subfield code="d">HBZ/Red</subfield>
    <subfield code="e">rda</subfield>
  </datafield>
  <datafield tag="041" ind1=" " ind2=" ">
    <subfield code="a">ger</subfield>
  </datafield>
  <datafield tag="044" ind1=" " ind2=" ">
    <subfield code="c">XA-DE</subfield>
  </datafield>
  <datafield tag="245" ind1="0" ind2="0">
    <subfield code="a">European Concert 1992</subfield>
    <subfield code="c">Berliner Philharmoniker. Daniel Barenboim [Dirigent]. Pl&#225;cido Domingo, tenor</subfield>
  </datafield>
  <datafield tag="264" ind1=" " ind2="1">
    <subfield code="a">[Halle (Saale)]</subfield>
    <subfield code="b">Arthaus</subfield>
    <subfield code="c">[2010]</subfield>
  </datafield>
  <datafield tag="264" ind1=" " ind2="4">
    <subfield code="c">[&#169;2010]</subfield>
  </datafield>
  <datafield tag="300" ind1=" " ind2=" ">
    <subfield code="a">1 DVD-Video</subfield>
    <subfield code="b">DVD 9, PAL</subfield>
    <subfield code="c">12 cm</subfield>
    <subfield code="e">Beih.</subfield>
  </datafield>
  <datafield tag="336" ind1=" " ind2=" ">
    <subfield code="b">prm</subfield>
  </datafield>
  <datafield tag="336" ind1=" " ind2=" ">
    <subfield code="b">tdi</subfield>
  </datafield>
  <datafield tag="337" ind1=" " ind2=" ">
    <subfield code="b">v</subfield>
  </datafield>
  <datafield tag="338" ind1=" " ind2=" ">
    <subfield code="b">vd</subfield>
  </datafield>
  <datafield tag="344" ind1=" " ind2=" ">
    <subfield code="g">stereo</subfield>
  </datafield>
  <datafield tag="347" ind1=" " ind2=" ">
    <subfield code="a">Videodatei</subfield>
    <subfield code="e">0</subfield>
  </datafield>
  <datafield tag="500" ind1=" " ind2=" ">
    <subfield code="a">PCM stereo, DD 5.1, DTS 5.1, Bildformat: 4:3, Running time: 104 min, DVD 9/PAL</subfield>
    <subfield code="9">F:501</subfield>
  </datafield>
  <datafield tag="500" ind1=" " ind2=" ">
    <subfield code="a">Directed by Brian Large. Executive Producers: Hans Peter Birke-Malzer...</subfield>
    <subfield code="9">F:501</subfield>
  </datafield>
  <datafield tag="500" ind1=" " ind2=" ">
    <subfield code="a">El Escorial, live from the Basilica of the royal monastary of San Lorenz De El Escorial, 1992</subfield>
    <subfield code="9">F:501</subfield>
  </datafield>
  <datafield tag="505" ind1="8" ind2="0">
    <subfield code="t">La Forza del destino: Overture</subfield>
    <subfield code="r">Giuseppe Verdi</subfield>
  </datafield>
  <datafield tag="505" ind1="8" ind2="0">
    <subfield code="t">Don Carlo: &apos;Io I&apos;ho perduta&apos;</subfield>
    <subfield code="r">Giuseppe Verdi</subfield>
  </datafield>
  <datafield tag="505" ind1="8" ind2="0">
    <subfield code="t">La damnation de Faust: Marche hongroise</subfield>
    <subfield code="r">Hector Berlioz</subfield>
  </datafield>
  <datafield tag="505" ind1="8" ind2="0">
    <subfield code="t">Symphony no. 7 in b minor: allegro moderato</subfield>
    <subfield code="r">Franz Schubert</subfield>
  </datafield>
  <datafield tag="505" ind1="8" ind2="0">
    <subfield code="t">Die Meistersinger von N&#252;rnberg: Pelude to act I</subfield>
    <subfield code="r">Richard Wagner</subfield>
  </datafield>
  <datafield tag="505" ind1="8" ind2="0">
    <subfield code="t">Die Walk&#252;re: &apos;Winterst&#252;rme wichen dem Wonnemond&apos;</subfield>
    <subfield code="r">Richard Wagner</subfield>
  </datafield>
  <datafield tag="505" ind1="8" ind2="0">
    <subfield code="t">G&#246;tterd&#228;mmerung: Tagesgrauen, Sonnenaufgang, voller Tag, Siegfrieds Rheinfahrt</subfield>
    <subfield code="r">Richard Wagner</subfield>
  </datafield>
  <datafield tag="505" ind1="8" ind2="0">
    <subfield code="t">G&#246;tterd&#228;mmerung: Siefrieds Tod, Trauermarsch</subfield>
    <subfield code="r">Richard Wagner</subfield>
  </datafield>
  <datafield tag="505" ind1="8" ind2="0">
    <subfield code="t">G&#246;tterd&#228;mmerung: Schlussszene</subfield>
    <subfield code="r">Richard Wagner</subfield>
  </datafield>
  <datafield tag="655" ind1=" " ind2="7">
    <subfield code="a">DVD-Video</subfield>
    <subfield code="0">(DE-588)4585125-6</subfield>
    <subfield code="2">gnd-carrier</subfield>
  </datafield>
  <datafield tag="700" ind1="1" ind2=" ">
    <subfield code="a">Barenboim, Daniel</subfield>
    <subfield code="d">1942-</subfield>
    <subfield code="0">(DE-588)118506560</subfield>
    <subfield code="4">cnd</subfield>
    <subfield code="4">drt</subfield>
    <subfield code="0">(uri) https://portal.dnb.de/opac.htm?method=simpleSearch&amp;cqlMode=true&amp;query=idn=118506560</subfield>
    <subfield code="0">(uri) http://viaf.org/viaf/sourceID/DNB|118506560</subfield>
    <subfield code="B">GND-118506560</subfield>
  </datafield>
  <datafield tag="700" ind1="1" ind2=" ">
    <subfield code="a">Domingo, Pl&#225;cido</subfield>
    <subfield code="d">1941-</subfield>
    <subfield code="0">(DE-588)118680242</subfield>
    <subfield code="4">sng</subfield>
    <subfield code="0">(uri) https://portal.dnb.de/opac.htm?method=simpleSearch&amp;cqlMode=true&amp;query=idn=118680242</subfield>
    <subfield code="0">(uri) http://viaf.org/viaf/sourceID/DNB|118680242</subfield>
    <subfield code="B">GND-118680242</subfield>
  </datafield>
  <datafield tag="700" ind1="1" ind2=" ">
    <subfield code="a">Large, Brian</subfield>
    <subfield code="d">1939-</subfield>
    <subfield code="0">(DE-588)134751957</subfield>
    <subfield code="4">drt</subfield>
    <subfield code="0">(uri) https://portal.dnb.de/opac.htm?method=simpleSearch&amp;cqlMode=true&amp;query=idn=134751957</subfield>
    <subfield code="0">(uri) http://viaf.org/viaf/sourceID/DNB|134751957</subfield>
    <subfield code="B">GND-134751957</subfield>
  </datafield>
  <datafield tag="700" ind1="1" ind2=" ">
    <subfield code="a">Birke-Malzer, Hans Peter</subfield>
    <subfield code="0">(DE-588)1138654418</subfield>
    <subfield code="4">tlp</subfield>
    <subfield code="0">(uri) https://portal.dnb.de/opac.htm?method=simpleSearch&amp;cqlMode=true&amp;query=idn=1138654418</subfield>
    <subfield code="0">(uri) http://viaf.org/viaf/sourceID/DNB|1138654418</subfield>
    <subfield code="B">GND-1138654418</subfield>
  </datafield>
  <datafield tag="700" ind1="1" ind2="2">
    <subfield code="a">Verdi, Giuseppe</subfield>
    <subfield code="d">1813-1901</subfield>
    <subfield code="t">&lt;&lt;La&gt;&gt; forza del destino</subfield>
    <subfield code="p">Ouvert&#252;re</subfield>
    <subfield code="0">(DE-588)300165633</subfield>
    <subfield code="B">GND-300165633</subfield>
  </datafield>
  <datafield tag="700" ind1="1" ind2="2">
    <subfield code="a">Verdi, Giuseppe</subfield>
    <subfield code="d">1813-1901</subfield>
    <subfield code="t">Don Carlos &lt;Io I&apos;ho perduta&gt;</subfield>
    <subfield code="m">Singstimme</subfield>
    <subfield code="m">Orchester</subfield>
    <subfield code="0">(DE-588)1081395184</subfield>
    <subfield code="0">(uri) https://portal.dnb.de/opac.htm?method=simpleSearch&amp;cqlMode=true&amp;query=idn=1081395184</subfield>
    <subfield code="0">(uri) http://viaf.org/viaf/sourceID/DNB|1081395184</subfield>
    <subfield code="B">GND-1081395184</subfield>
  </datafield>
  <datafield tag="700" ind1="1" ind2="2">
    <subfield code="a">Berlioz, Hector</subfield>
    <subfield code="d">1803-1869</subfield>
    <subfield code="t">&lt;&lt;La&gt;&gt; damnation de Faust</subfield>
    <subfield code="p">Marche hongroise</subfield>
    <subfield code="0">(DE-588)30001922X</subfield>
    <subfield code="B">GND-30001922X</subfield>
  </datafield>
  <datafield tag="700" ind1="1" ind2="2">
    <subfield code="a">Berlioz, Hector</subfield>
    <subfield code="d">1803-1869</subfield>
    <subfield code="t">&lt;&lt;La&gt;&gt; damnation de Faust</subfield>
    <subfield code="p">Invocation &#224; la nature</subfield>
    <subfield code="m">Singstimme</subfield>
    <subfield code="m">Orchester</subfield>
    <subfield code="0">(DE-588)1081431687</subfield>
    <subfield code="B">GND-1081431687</subfield>
  </datafield>
  <datafield tag="700" ind1="1" ind2="2">
    <subfield code="a">Schubert, Franz</subfield>
    <subfield code="d">1797-1828</subfield>
    <subfield code="t">Sinfonien</subfield>
    <subfield code="n">D 759</subfield>
    <subfield code="r">h-Moll</subfield>
    <subfield code="0">(DE-588)300141777</subfield>
    <subfield code="0">(uri) https://portal.dnb.de/opac.htm?method=simpleSearch&amp;cqlMode=true&amp;query=idn=300141777</subfield>
    <subfield code="0">(uri) http://viaf.org/viaf/sourceID/DNB|300141777</subfield>
    <subfield code="B">GND-300141777</subfield>
  </datafield>
  <datafield tag="700" ind1="1" ind2="2">
    <subfield code="a">Wagner, Richard</subfield>
    <subfield code="d">1813-1883</subfield>
    <subfield code="t">&lt;&lt;Die&gt;&gt; Meistersinger von N&#252;rnberg</subfield>
    <subfield code="p">Vorspiel</subfield>
    <subfield code="0">(DE-588)300170114</subfield>
    <subfield code="B">GND-300170114</subfield>
  </datafield>
  <datafield tag="700" ind1="1" ind2="2">
    <subfield code="a">Wagner, Richard</subfield>
    <subfield code="d">1813-1883</subfield>
    <subfield code="t">&lt;&lt;Der&gt;&gt; Ring des Nibelungen</subfield>
    <subfield code="p">Erster Tag: Die Walk&#252;re</subfield>
    <subfield code="p">Winterst&#252;rme wichen dem Wonnemond</subfield>
    <subfield code="0">(DE-588)300170602</subfield>
    <subfield code="B">GND-300170602</subfield>
  </datafield>
  <datafield tag="700" ind1="1" ind2="2">
    <subfield code="a">Wagner, Richard</subfield>
    <subfield code="d">1813-1883</subfield>
    <subfield code="t">&lt;&lt;Der&gt;&gt; Ring des Nibelungen</subfield>
    <subfield code="p">Dritter Tag: G&#246;tterd&#228;mmerung</subfield>
    <subfield code="p">Siegfrieds Rheinfahrt</subfield>
    <subfield code="0">(DE-588)300169892</subfield>
    <subfield code="B">GND-300169892</subfield>
  </datafield>
  <datafield tag="700" ind1="1" ind2="2">
    <subfield code="a">Wagner, Richard</subfield>
    <subfield code="d">1813-1883</subfield>
    <subfield code="t">&lt;&lt;Der&gt;&gt; Ring des Nibelungen</subfield>
    <subfield code="p">Dritter Tag: G&#246;tterd&#228;mmerung</subfield>
    <subfield code="p">Trauermarsch</subfield>
    <subfield code="0">(DE-588)300169914</subfield>
    <subfield code="B">GND-300169914</subfield>
  </datafield>
  <datafield tag="710" ind1="2" ind2=" ">
    <subfield code="a">Berliner Philharmoniker</subfield>
    <subfield code="0">(DE-588)2173862-2</subfield>
    <subfield code="4">oth</subfield>
    <subfield code="0">(uri) https://portal.dnb.de/opac.htm?method=simpleSearch&amp;cqlMode=true&amp;query=idn=95514504X</subfield>
    <subfield code="0">(uri) http://viaf.org/viaf/sourceID/DNB|95514504X</subfield>
    <subfield code="B">GND-95514504X</subfield>
  </datafield>
  <datafield tag="964" ind1="0" ind2="s">
    <subfield code="F">030</subfield>
    <subfield code="A">a|zur||||||37</subfield>
  </datafield>
  <datafield tag="964" ind1="0" ind2="s">
    <subfield code="F">050</subfield>
    <subfield code="A">||||||||d|||||</subfield>
  </datafield>
  <datafield tag="964" ind1="0" ind2="s">
    <subfield code="F">051</subfield>
    <subfield code="A">m|||||||</subfield>
  </datafield>
  <datafield tag="035" ind1=" " ind2=" ">
    <subfield code="a">(DE-599)HBZHT018857620</subfield>
  </datafield>
  <datafield tag="MBD" ind1=" " ind2=" ">
    <subfield code="M">49HBZ_NETWORK</subfield>
    <subfield code="i">990210285400206441</subfield>
    <subfield code="n">HBZ Network</subfield>
  </datafield>
  <datafield tag="MNG" ind1=" " ind2=" ">
    <subfield code="c">System</subfield>
    <subfield code="f">ILS</subfield>
    <subfield code="i">marc21</subfield>
    <subfield code="k">01</subfield>
    <subfield code="e">false</subfield>
    <subfield code="d">2022-04-02 04:25:17 Europe/Berlin</subfield>
    <subfield code="g">021028540-HBZ01</subfield>
    <subfield code="j">60</subfield>
    <subfield code="a">import</subfield>
    <subfield code="b">2021-04-06 00:33:28 Europe/Berlin</subfield>
  </datafield>
  <datafield tag="GPN" ind1="1" ind2=" ">
    <subfield code="a">Malzer, Hans Peter Birke-</subfield>
    <subfield code="A">GND</subfield>
    <subfield code="B">GND-1138654418</subfield>
    <subfield code="C">400</subfield>
  </datafield>
  <datafield tag="GPN" ind1="1" ind2=" ">
    <subfield code="a">Malzer, Hans Peter B.-</subfield>
    <subfield code="A">GND</subfield>
    <subfield code="B">GND-1138654418</subfield>
    <subfield code="C">400</subfield>
  </datafield>
  <datafield tag="GSI" ind1="7" ind2=" ">
    <subfield code="a">http://d-nb.info/gnd/1138654418</subfield>
    <subfield code="2">uri</subfield>
    <subfield code="A">GND</subfield>
    <subfield code="B">GND-1138654418</subfield>
    <subfield code="C">024</subfield>
  </datafield>
  <datafield tag="GSI" ind1="7" ind2=" ">
    <subfield code="a">134751957</subfield>
    <subfield code="0">http://d-nb.info/gnd/134751957</subfield>
    <subfield code="2">gnd</subfield>
    <subfield code="A">GND</subfield>
    <subfield code="B">GND-134751957</subfield>
    <subfield code="C">024</subfield>
  </datafield>
  <datafield tag="GKT" ind1="2" ind2=" ">
    <subfield code="a">Philharmoniker</subfield>
    <subfield code="g">Berliner Philharmoniker</subfield>
    <subfield code="A">GND</subfield>
    <subfield code="B">GND-95514504X</subfield>
    <subfield code="C">410</subfield>
  </datafield>
  <datafield tag="GKT" ind1="2" ind2=" ">
    <subfield code="a">Philharmonisches Orchester Berlin</subfield>
    <subfield code="g">Berliner Philharmoniker</subfield>
    <subfield code="A">GND</subfield>
    <subfield code="B">GND-95514504X</subfield>
    <subfield code="C">410</subfield>
  </datafield>
  <datafield tag="GKT" ind1="2" ind2=" ">
    <subfield code="a">Berlin Philharmonic Orchestra</subfield>
    <subfield code="g">Berliner Philharmoniker</subfield>
    <subfield code="A">GND</subfield>
    <subfield code="B">GND-95514504X</subfield>
    <subfield code="C">410</subfield>
  </datafield>
  <datafield tag="GKT" ind1="2" ind2=" ">
    <subfield code="a">Berlin Philharmonic</subfield>
    <subfield code="g">Berliner Philharmoniker</subfield>
    <subfield code="A">GND</subfield>
    <subfield code="B">GND-95514504X</subfield>
    <subfield code="C">410</subfield>
  </datafield>
  <datafield tag="GKT" ind1="2" ind2=" ">
    <subfield code="a">Philharmonic Orchestra Berlin</subfield>
    <subfield code="g">Berliner Philharmoniker</subfield>
    <subfield code="A">GND</subfield>
    <subfield code="B">GND-95514504X</subfield>
    <subfield code="C">410</subfield>
  </datafield>
  <datafield tag="GKT" ind1="2" ind2=" ">
    <subfield code="a">Orchestre du Philharmonique Berlin</subfield>
    <subfield code="g">Berliner Philharmoniker</subfield>
    <subfield code="A">GND</subfield>
    <subfield code="B">GND-95514504X</subfield>
    <subfield code="C">410</subfield>
  </datafield>
  <datafield tag="GKT" ind1="2" ind2=" ">
    <subfield code="a">Orchestre philharmonique Berlin</subfield>
    <subfield code="g">Berliner Philharmoniker</subfield>
    <subfield code="A">GND</subfield>
    <subfield code="B">GND-95514504X</subfield>
    <subfield code="C">410</subfield>
  </datafield>
  <datafield tag="GKT" ind1="2" ind2=" ">
    <subfield code="a">Orquesta Filarm&#243;nica Berlin</subfield>
    <subfield code="g">Berliner Philharmoniker</subfield>
    <subfield code="A">GND</subfield>
    <subfield code="B">GND-95514504X</subfield>
    <subfield code="C">410</subfield>
  </datafield>
  <datafield tag="GKT" ind1="2" ind2=" ">
    <subfield code="a">Orchestra Filarmonica Berlin</subfield>
    <subfield code="g">Berliner Philharmoniker</subfield>
    <subfield code="A">GND</subfield>
    <subfield code="B">GND-95514504X</subfield>
    <subfield code="C">410</subfield>
  </datafield>
  <datafield tag="GKT" ind1="2" ind2=" ">
    <subfield code="a">Stiftung Berliner Philharmoniker</subfield>
    <subfield code="A">GND</subfield>
    <subfield code="B">GND-95514504X</subfield>
    <subfield code="C">410</subfield>
  </datafield>
  <datafield tag="GSI" ind1="7" ind2=" ">
    <subfield code="a">2173862-2</subfield>
    <subfield code="0">http://d-nb.info/gnd/2173862-2</subfield>
    <subfield code="2">gnd</subfield>
    <subfield code="A">GND</subfield>
    <subfield code="B">GND-95514504X</subfield>
    <subfield code="C">024</subfield>
  </datafield>
  <datafield tag="GPN" ind1="1" ind2=" ">
    <subfield code="a">Wagner, Richard</subfield>
    <subfield code="d">1813-1883</subfield>
    <subfield code="t">Funeral march</subfield>
    <subfield code="A">GND</subfield>
    <subfield code="B">GND-300169914</subfield>
    <subfield code="C">400</subfield>
  </datafield>
  <datafield tag="GPN" ind1="1" ind2=" ">
    <subfield code="a">Wagner, Richard</subfield>
    <subfield code="d">1813-1883</subfield>
    <subfield code="t">Go&#776;tterda&#776;mmerung &lt;Trauermarsch&gt;</subfield>
    <subfield code="9">v:R:Ansetzung nach RAK-Musik</subfield>
    <subfield code="A">GND</subfield>
    <subfield code="B">GND-300169914</subfield>
    <subfield code="C">400</subfield>
  </datafield>
  <datafield tag="GPN" ind1="1" ind2=" ">
    <subfield code="a">Wagner, Richard</subfield>
    <subfield code="d">1813-1883</subfield>
    <subfield code="t">Trauermarsch</subfield>
    <subfield code="A">GND</subfield>
    <subfield code="B">GND-300169914</subfield>
    <subfield code="C">400</subfield>
  </datafield>
  <datafield tag="GSI" ind1="7" ind2=" ">
    <subfield code="a">http://d-nb.info/gnd/300169914</subfield>
    <subfield code="2">uri</subfield>
    <subfield code="A">GND</subfield>
    <subfield code="B">GND-300169914</subfield>
    <subfield code="C">024</subfield>
  </datafield>
  <datafield tag="GPN" ind1="1" ind2=" ">
    <subfield code="a">Wagner, Richard</subfield>
    <subfield code="d">1813-1883</subfield>
    <subfield code="t">Go&#776;tterda&#776;mmerung &lt;Siegfrieds Rheinfahrt&gt;</subfield>
    <subfield code="A">GND</subfield>
    <subfield code="B">GND-300169892</subfield>
    <subfield code="C">400</subfield>
  </datafield>
  <datafield tag="GPN" ind1="1" ind2=" ">
    <subfield code="a">Wagner, Richard</subfield>
    <subfield code="d">1813-1883</subfield>
    <subfield code="t">Siegfrieds Rheinfahrt</subfield>
    <subfield code="A">GND</subfield>
    <subfield code="B">GND-300169892</subfield>
    <subfield code="C">400</subfield>
  </datafield>
  <datafield tag="GPN" ind1="1" ind2=" ">
    <subfield code="a">Wagner, Richard</subfield>
    <subfield code="d">1813-1883</subfield>
    <subfield code="t">Morgenda&#776;mmerung und Siegfrieds Rheinfahrt</subfield>
    <subfield code="A">GND</subfield>
    <subfield code="B">GND-300169892</subfield>
    <subfield code="C">400</subfield>
  </datafield>
  <datafield tag="GPN" ind1="1" ind2=" ">
    <subfield code="a">Wagner, Richard</subfield>
    <subfield code="d">1813-1883</subfield>
    <subfield code="t">Siegfried&apos;s Rhine journey</subfield>
    <subfield code="A">GND</subfield>
    <subfield code="B">GND-300169892</subfield>
    <subfield code="C">400</subfield>
  </datafield>
  <datafield tag="GSI" ind1="7" ind2=" ">
    <subfield code="a">http://d-nb.info/gnd/300169892</subfield>
    <subfield code="2">uri</subfield>
    <subfield code="A">GND</subfield>
    <subfield code="B">GND-300169892</subfield>
    <subfield code="C">024</subfield>
  </datafield>
  <datafield tag="GPN" ind1="1" ind2=" ">
    <subfield code="a">Wagner, Richard</subfield>
    <subfield code="d">1813-1883</subfield>
    <subfield code="t">&lt;&lt;Die&gt;&gt; Walku&#776;re</subfield>
    <subfield code="p">Liebeslied</subfield>
    <subfield code="A">GND</subfield>
    <subfield code="B">GND-300170602</subfield>
    <subfield code="C">400</subfield>
  </datafield>
  <datafield tag="GPN" ind1="1" ind2=" ">
    <subfield code="a">Wagner, Richard</subfield>
    <subfield code="d">1813-1883</subfield>
    <subfield code="t">&lt;&lt;Die&gt;&gt; Walku&#776;re</subfield>
    <subfield code="p">Siegmunds Liebesgesang</subfield>
    <subfield code="A">GND</subfield>
    <subfield code="B">GND-300170602</subfield>
    <subfield code="C">400</subfield>
  </datafield>
  <datafield tag="GPN" ind1="1" ind2=" ">
    <subfield code="a">Wagner, Richard</subfield>
    <subfield code="d">1813-1883</subfield>
    <subfield code="t">&lt;&lt;Die&gt;&gt; Walku&#776;re &lt;Siegmunds Liebeslied&gt;</subfield>
    <subfield code="A">GND</subfield>
    <subfield code="B">GND-300170602</subfield>
    <subfield code="C">400</subfield>
  </datafield>
  <datafield tag="GPN" ind1="1" ind2=" ">
    <subfield code="a">Wagner, Richard</subfield>
    <subfield code="d">1813-1883</subfield>
    <subfield code="t">&lt;&lt;Die&gt;&gt; Walku&#776;re &lt;Winterstu&#776;rme wichen dem Wonnemond&gt;</subfield>
    <subfield code="9">v:R:Ansetzung nach RAK-Musik</subfield>
    <subfield code="A">GND</subfield>
    <subfield code="B">GND-300170602</subfield>
    <subfield code="C">400</subfield>
  </datafield>
  <datafield tag="GPN" ind1="1" ind2=" ">
    <subfield code="a">Wagner, Richard</subfield>
    <subfield code="d">1813-1883</subfield>
    <subfield code="t">&lt;&lt;Die&gt;&gt; Walku&#776;re</subfield>
    <subfield code="p">Winterstu&#776;rme wichen dem Wonnemond</subfield>
    <subfield code="A">GND</subfield>
    <subfield code="B">GND-300170602</subfield>
    <subfield code="C">400</subfield>
  </datafield>
  <datafield tag="GPN" ind1="1" ind2=" ">
    <subfield code="a">Wagner, Richard</subfield>
    <subfield code="d">1813-1883</subfield>
    <subfield code="t">Winterstu&#776;rme wichen dem Wonnemond</subfield>
    <subfield code="9">v:R:Titelverweise nach RAK</subfield>
    <subfield code="A">GND</subfield>
    <subfield code="B">GND-300170602</subfield>
    <subfield code="C">400</subfield>
  </datafield>
  <datafield tag="GSI" ind1="7" ind2=" ">
    <subfield code="a">http://d-nb.info/gnd/300170602</subfield>
    <subfield code="2">uri</subfield>
    <subfield code="A">GND</subfield>
    <subfield code="B">GND-300170602</subfield>
    <subfield code="C">024</subfield>
  </datafield>
  <datafield tag="GPN" ind1="1" ind2=" ">
    <subfield code="a">Wagner, Richard</subfield>
    <subfield code="d">1813-1883</subfield>
    <subfield code="t">&lt;&lt;Die&gt;&gt; Meistersinger von Nu&#776;rnberg</subfield>
    <subfield code="p">Vorspiel 1. Aufzug</subfield>
    <subfield code="A">GND</subfield>
    <subfield code="B">GND-300170114</subfield>
    <subfield code="C">400</subfield>
  </datafield>
  <datafield tag="GPN" ind1="1" ind2=" ">
    <subfield code="a">Wagner, Richard</subfield>
    <subfield code="d">1813-1883</subfield>
    <subfield code="t">&lt;&lt;Die&gt;&gt; Meistersinger von Nu&#776;rnberg</subfield>
    <subfield code="p">Vorspiel 1. Akt</subfield>
    <subfield code="A">GND</subfield>
    <subfield code="B">GND-300170114</subfield>
    <subfield code="C">400</subfield>
  </datafield>
  <datafield tag="GPN" ind1="1" ind2=" ">
    <subfield code="a">Wagner, Richard</subfield>
    <subfield code="d">1813-1883</subfield>
    <subfield code="t">&lt;&lt;Die&gt;&gt; Meistersinger von Nu&#776;rnberg &lt;Vorspiel 1. Aufzug&gt;</subfield>
    <subfield code="A">GND</subfield>
    <subfield code="B">GND-300170114</subfield>
    <subfield code="C">400</subfield>
  </datafield>
  <datafield tag="GSI" ind1="7" ind2=" ">
    <subfield code="a">http://d-nb.info/gnd/300170114</subfield>
    <subfield code="2">uri</subfield>
    <subfield code="A">GND</subfield>
    <subfield code="B">GND-300170114</subfield>
    <subfield code="C">024</subfield>
  </datafield>
  <datafield tag="GPN" ind1="1" ind2=" ">
    <subfield code="a">Schubert, Franz</subfield>
    <subfield code="d">1797-1828</subfield>
    <subfield code="t">Sinfonie</subfield>
    <subfield code="n">Nr. 7</subfield>
    <subfield code="A">GND</subfield>
    <subfield code="B">GND-300141777</subfield>
    <subfield code="C">400</subfield>
  </datafield>
  <datafield tag="GPN" ind1="1" ind2=" ">
    <subfield code="a">Schubert, Franz</subfield>
    <subfield code="d">1797-1828</subfield>
    <subfield code="t">Inachev&#233;e</subfield>
    <subfield code="A">GND</subfield>
    <subfield code="B">GND-300141777</subfield>
    <subfield code="C">400</subfield>
  </datafield>
  <datafield tag="GPN" ind1="1" ind2=" ">
    <subfield code="a">Schubert, Franz</subfield>
    <subfield code="d">1797-1828</subfield>
    <subfield code="t">Neokon&#269;ennaja</subfield>
    <subfield code="A">GND</subfield>
    <subfield code="B">GND-300141777</subfield>
    <subfield code="C">400</subfield>
  </datafield>
  <datafield tag="GPN" ind1="1" ind2=" ">
    <subfield code="a">Schubert, Franz</subfield>
    <subfield code="d">1797-1828</subfield>
    <subfield code="t">&lt;&lt;The&gt;&gt; unfinished</subfield>
    <subfield code="A">GND</subfield>
    <subfield code="B">GND-300141777</subfield>
    <subfield code="C">400</subfield>
  </datafield>
  <datafield tag="GPN" ind1="1" ind2=" ">
    <subfield code="a">Schubert, Franz</subfield>
    <subfield code="d">1797-1828</subfield>
    <subfield code="t">Unfinished</subfield>
    <subfield code="A">GND</subfield>
    <subfield code="B">GND-300141777</subfield>
    <subfield code="C">400</subfield>
  </datafield>
  <datafield tag="GPN" ind1="1" ind2=" ">
    <subfield code="a">Schubert, Franz</subfield>
    <subfield code="d">1797-1828</subfield>
    <subfield code="t">Unvollendete Sinfonie</subfield>
    <subfield code="A">GND</subfield>
    <subfield code="B">GND-300141777</subfield>
    <subfield code="C">400</subfield>
  </datafield>
  <datafield tag="GPN" ind1="1" ind2=" ">
    <subfield code="a">Schubert, Franz</subfield>
    <subfield code="d">1797-1828</subfield>
    <subfield code="t">&lt;&lt;Die&gt;&gt; Unvollendete</subfield>
    <subfield code="A">GND</subfield>
    <subfield code="B">GND-300141777</subfield>
    <subfield code="C">400</subfield>
  </datafield>
  <datafield tag="GPN" ind1="1" ind2=" ">
    <subfield code="a">Schubert, Franz</subfield>
    <subfield code="d">1797-1828</subfield>
    <subfield code="t">Unvollendete</subfield>
    <subfield code="A">GND</subfield>
    <subfield code="B">GND-300141777</subfield>
    <subfield code="C">400</subfield>
  </datafield>
  <datafield tag="GPN" ind1="1" ind2=" ">
    <subfield code="a">Schubert, Franz</subfield>
    <subfield code="d">1797-1828</subfield>
    <subfield code="t">Sinfonien D 759</subfield>
    <subfield code="A">GND</subfield>
    <subfield code="B">GND-300141777</subfield>
    <subfield code="C">400</subfield>
  </datafield>
  <datafield tag="GPN" ind1="1" ind2=" ">
    <subfield code="a">Schubert, Franz</subfield>
    <subfield code="d">1797-1828</subfield>
    <subfield code="t">Symphony no. 8 in B minor (&quot;Unfinished&quot;)</subfield>
    <subfield code="A">GND</subfield>
    <subfield code="B">GND-300141777</subfield>
    <subfield code="C">400</subfield>
  </datafield>
  <datafield tag="GSI" ind1="7" ind2=" ">
    <subfield code="a">300141777</subfield>
    <subfield code="0">http://d-nb.info/gnd/300141777</subfield>
    <subfield code="2">gnd</subfield>
    <subfield code="A">GND</subfield>
    <subfield code="B">GND-300141777</subfield>
    <subfield code="C">024</subfield>
  </datafield>
  <datafield tag="GSI" ind1="7" ind2=" ">
    <subfield code="a">179425978</subfield>
    <subfield code="2">viaf</subfield>
    <subfield code="A">GND</subfield>
    <subfield code="B">GND-300141777</subfield>
    <subfield code="C">024</subfield>
  </datafield>
  <datafield tag="GSI" ind1="7" ind2=" ">
    <subfield code="a">1081431687</subfield>
    <subfield code="0">http://d-nb.info/gnd/1081431687</subfield>
    <subfield code="2">gnd</subfield>
    <subfield code="A">GND</subfield>
    <subfield code="B">GND-1081431687</subfield>
    <subfield code="C">024</subfield>
  </datafield>
  <datafield tag="GPN" ind1="1" ind2=" ">
    <subfield code="a">Berlioz, Hector</subfield>
    <subfield code="d">1803-1869</subfield>
    <subfield code="t">&lt;&lt;La&gt;&gt; damnation de Faust &lt;Marche hongroise&gt;</subfield>
    <subfield code="9">v:R:Ansetzung nach RAK-Musik</subfield>
    <subfield code="A">GND</subfield>
    <subfield code="B">GND-30001922X</subfield>
    <subfield code="C">400</subfield>
  </datafield>
  <datafield tag="GPN" ind1="1" ind2=" ">
    <subfield code="a">Berlioz, Hector</subfield>
    <subfield code="d">1803-1869</subfield>
    <subfield code="t">Marche hongroise</subfield>
    <subfield code="A">GND</subfield>
    <subfield code="B">GND-30001922X</subfield>
    <subfield code="C">400</subfield>
  </datafield>
  <datafield tag="GPN" ind1="1" ind2=" ">
    <subfield code="a">Berlioz, Hector</subfield>
    <subfield code="d">1803-1869</subfield>
    <subfield code="t">Ra&#769;ko&#769;czy-Marsch</subfield>
    <subfield code="A">GND</subfield>
    <subfield code="B">GND-30001922X</subfield>
    <subfield code="C">400</subfield>
  </datafield>
  <datafield tag="GPN" ind1="1" ind2=" ">
    <subfield code="a">Berlioz, Hector</subfield>
    <subfield code="d">1803-1869</subfield>
    <subfield code="t">Ungarischer Marsch</subfield>
    <subfield code="A">GND</subfield>
    <subfield code="B">GND-30001922X</subfield>
    <subfield code="C">400</subfield>
  </datafield>
  <datafield tag="GPN" ind1="1" ind2=" ">
    <subfield code="a">Berlioz, Hector</subfield>
    <subfield code="d">1803-1869</subfield>
    <subfield code="t">Hungarian march &quot;Rakoczy&quot;</subfield>
    <subfield code="A">GND</subfield>
    <subfield code="B">GND-30001922X</subfield>
    <subfield code="C">400</subfield>
  </datafield>
  <datafield tag="GPN" ind1="1" ind2=" ">
    <subfield code="a">Berlioz, Hector</subfield>
    <subfield code="d">1803-1869</subfield>
    <subfield code="t">Hungarian march</subfield>
    <subfield code="A">GND</subfield>
    <subfield code="B">GND-30001922X</subfield>
    <subfield code="C">400</subfield>
  </datafield>
  <datafield tag="GSI" ind1="7" ind2=" ">
    <subfield code="a">http://d-nb.info/gnd/30001922X</subfield>
    <subfield code="2">uri</subfield>
    <subfield code="A">GND</subfield>
    <subfield code="B">GND-30001922X</subfield>
    <subfield code="C">024</subfield>
  </datafield>
  <datafield tag="GSI" ind1="7" ind2=" ">
    <subfield code="a">http://d-nb.info/gnd/1081395184</subfield>
    <subfield code="2">uri</subfield>
    <subfield code="A">GND</subfield>
    <subfield code="B">GND-1081395184</subfield>
    <subfield code="C">024</subfield>
  </datafield>
  <datafield tag="GPN" ind1="1" ind2=" ">
    <subfield code="a">Verdi, Giuseppe</subfield>
    <subfield code="d">1813-1901</subfield>
    <subfield code="t">&lt;&lt;La&gt;&gt; forza del destino</subfield>
    <subfield code="p">Sinfonia</subfield>
    <subfield code="A">GND</subfield>
    <subfield code="B">GND-300165633</subfield>
    <subfield code="C">400</subfield>
  </datafield>
  <datafield tag="GPN" ind1="1" ind2=" ">
    <subfield code="a">Verdi, Giuseppe</subfield>
    <subfield code="d">1813-1901</subfield>
    <subfield code="t">&lt;&lt;La&gt;&gt; forza del destino &lt;Ouvert&#252;re&gt;</subfield>
    <subfield code="9">v:R:Ansetzung nach RAK-Musik</subfield>
    <subfield code="A">GND</subfield>
    <subfield code="B">GND-300165633</subfield>
    <subfield code="C">400</subfield>
  </datafield>
  <datafield tag="GSI" ind1="7" ind2=" ">
    <subfield code="a">300165633</subfield>
    <subfield code="0">http://d-nb.info/gnd/300165633</subfield>
    <subfield code="2">gnd</subfield>
    <subfield code="A">GND</subfield>
    <subfield code="B">GND-300165633</subfield>
    <subfield code="C">024</subfield>
  </datafield>
  <datafield tag="GPN" ind1="1" ind2=" ">
    <subfield code="a">Domingo Embil, Jos&#233; Pl&#225;cido</subfield>
    <subfield code="d">1941-</subfield>
    <subfield code="4">navo</subfield>
    <subfield code="4">https://d-nb.info/standards/elementset/gnd#FullerFormOfNameOfThePerson</subfield>
    <subfield code="w">r</subfield>
    <subfield code="i">Vollstaendiger Name</subfield>
    <subfield code="e">Vollstaendiger Name</subfield>
    <subfield code="A">GND</subfield>
    <subfield code="B">GND-118680242</subfield>
    <subfield code="C">400</subfield>
  </datafield>
  <datafield tag="GPN" ind1="1" ind2=" ">
    <subfield code="a">Embil, Jos&#233; Pl&#225;cido Domingo</subfield>
    <subfield code="d">1941-</subfield>
    <subfield code="A">GND</subfield>
    <subfield code="B">GND-118680242</subfield>
    <subfield code="C">400</subfield>
  </datafield>
  <datafield tag="GPN" ind1="1" ind2=" ">
    <subfield code="a">Domingo, Pl&#225;cido</subfield>
    <subfield code="d">1941-</subfield>
    <subfield code="A">GND</subfield>
    <subfield code="B">GND-118680242</subfield>
    <subfield code="C">400</subfield>
  </datafield>
  <datafield tag="GPN" ind1="1" ind2=" ">
    <subfield code="a">Domingo, P.</subfield>
    <subfield code="d">1941-</subfield>
    <subfield code="A">GND</subfield>
    <subfield code="B">GND-118680242</subfield>
    <subfield code="C">400</subfield>
  </datafield>
  <datafield tag="GPN" ind1="0" ind2=" ">
    <subfield code="a">Domingo</subfield>
    <subfield code="d">1941-</subfield>
    <subfield code="A">GND</subfield>
    <subfield code="B">GND-118680242</subfield>
    <subfield code="C">400</subfield>
  </datafield>
  <datafield tag="GSI" ind1="7" ind2=" ">
    <subfield code="a">118680242</subfield>
    <subfield code="0">http://d-nb.info/gnd/118680242</subfield>
    <subfield code="2">gnd</subfield>
    <subfield code="A">GND</subfield>
    <subfield code="B">GND-118680242</subfield>
    <subfield code="C">024</subfield>
  </datafield>
  <datafield tag="GPN" ind1="0" ind2=" ">
    <subfield code="a">Barenboim</subfield>
    <subfield code="d">1942-</subfield>
    <subfield code="A">GND</subfield>
    <subfield code="B">GND-118506560</subfield>
    <subfield code="C">400</subfield>
  </datafield>
  <datafield tag="GPN" ind1="1" ind2=" ">
    <subfield code="a">Barenbo&#239;m, Daniel</subfield>
    <subfield code="d">1942-</subfield>
    <subfield code="A">GND</subfield>
    <subfield code="B">GND-118506560</subfield>
    <subfield code="C">400</subfield>
  </datafield>
  <datafield tag="GSI" ind1="7" ind2=" ">
    <subfield code="a">118506560</subfield>
    <subfield code="0">http://d-nb.info/gnd/118506560</subfield>
    <subfield code="2">gnd</subfield>
    <subfield code="A">GND</subfield>
    <subfield code="B">GND-118506560</subfield>
    <subfield code="C">024</subfield>
  </datafield>
</record>